<?xml version="1.0" encoding="UTF-8"?><collection xmlns="http://www.loc.gov/MARC21/slim"><record><leader>00327nam--2200121-i-4500</leader><controlfield tag="001">000047695</controlfield><controlfield tag="002">20161230</controlfield><controlfield tag="005">20161230201046</controlfield><controlfield tag="008">060222s1000------------r-----000-0-eng-d</controlfield><datafield ind1=" " ind2=" " tag="080"><subfield code="a">0061.62(430):001.891:539</subfield></datafield><datafield ind1=" " ind2=" " tag="245"><subfield code="a">Wissenschaftlich-technische publ.1990-1995</subfield></datafield><datafield ind1=" " ind2=" " tag="260"><subfield code="a">Julich, Forschunsgszentrum, 1994.118 P</subfield></datafield><datafield ind1=" " ind2=" " tag="852"><subfield code="a">D.1436</subfield></datafield></record></collection>